% This file was created with JabRef 2.8.1.
% Encoding: Cp1252

@article{dratva2009,
  title={Is age at menopause increasing across Europe? {R}esults on age at menopause and determinants from two population-based studies},
  author={Dratva, Julia and Real, Francisco G{\'o}mez and Schindler, Christian and Ackermann-Liebrich, Ursula and Gerbase, Margaret W and Probst-Hensch, Nicole M and Svanes, Cecilie and Omenaas, Ernst Raidar and Neukirch, Fran{\c{c}}oise and Wjst, Matthias and others},
  journal={Menopause},
  volume={16},
  number={2},
  pages={385--394},
  year={2009},
  publisher={LWW}
}

@article{belouchrani1997,
  title={A blind source separation technique using second-order statistics},
  author={Belouchrani, Adel and Abed-Meraim, Karim and Cardoso, J-F and Moulines, Eric},
  journal={IEEE Transactions on signal processing},
  volume={45},
  number={2},
  pages={434--444},
  year={1997},
  publisher={IEEE}
}

@article{gallardo2012,
  title={Independent component analysis to detect clustered microcalcification breast cancers},
  author={Gallardo-Caballero, R and Garc{\'\i}a-Orellana, CJ and Garc{\'\i}a-Manso, A and Gonz{\'a}lez-Velasco, HM and Mac{\'\i}as-Mac{\'\i}as, M},
  journal={The Scientific World Journal},
  volume={2012},
  year={2012},
  publisher={Hindawi Publishing Corporation}
}

@article{joyce2004,
  title={Automatic removal of eye movement and blink artifacts from EEG data using blind component separation},
  author={Joyce, Carrie A and Gorodnitsky, Irina F and Kutas, Marta},
  journal={Psychophysiology},
  volume={41},
  number={2},
  pages={313--325},
  year={2004},
  publisher={Wiley Online Library}
}

@book{amari2002,
  title={Adaptive blind signal and image processing: learning algorithms and applications},
  author={Cichocki, Andrzej and Amari, Shun},
  volume={1},
  year={2002},
  publisher={John Wiley \& Sons}
}

@INPROCEEDINGS{FOBI,
  author = {Cardoso, Jean-Francois},
  title = {Source separation using higher moments},
  booktitle = {Proceedings of {IEEE} international conference on acoustics, speech
	and signal processing},
  year = {1989},
  pages = {2109--2112},
  owner = {jn67732},
  timestamp = {2009.12.22}
}

@ARTICLE{S3,
  author = {Davies, L.},
  title = {Asymptotic behavior of S-estimates of multivariate location parameters
	and dispersion matrices},
  journal = {Annals of Statistics},
  year = {1987},
  volume = {15},
  pages = {1269--1292}
}

@ARTICLE{engholm2010,
  author = {Engholm, G and Ferlay, J and Christensen, N and Kejs, AMT and Hertzum-Larsen, R and Johannesen, TB and Khan, S and Leinonen, MK and others},
  title = {NORDCAN: Cancer Incidence, Mortality, Prevalence and Survival in
	the Nordic Countries, Version 7.3 (8.7.2016)},
  journal = {Association of the Nordic Cancer Registries. Danish Cancer Society.
	 Available from http://www.ancr.nu, accessed on 4.9.2017},
	 year= {2016}
}

@ARTICLE{hakama1975,
  author = {Hakama, M and Joutsenlahti, U and Virtanen, A and R{\"a}s{\"a}nen-Virtanen,
	U},
  title = {Mass screenings for cervical cancer in Finland 1963-71. Organization,
	extent, and epidemiological implications.},
  journal = {Annals of clinical research},
  year = {1975},
  volume = {7},
  pages = {101--111},
  number = {2}
}

@BOOK{IN,
  title = {Independent Component Analysis},
  publisher = {John Wiley \& Sons},
  year = {2001},
  author = {Aapo Hyv{\"a}rinen and Juha Karhunen and Erkki Oja},
  address = {New York},
  owner = {jn67732},
  timestamp = {2009.12.22}
}

@ARTICLE{i4c,
  author = {Ilmonen, P.},
  title = {On asymptotic properties of the scatter matrix based estimates for
	complex valued independent component analysi},
  journal = {Statistics and Probability Letters},
  year = {2013},
  volume = {83},
  pages = {1219--1226}
}

@ARTICLE{i4,
  author = {Ilmonen, P. and Nevalainen, J. and Oja, H.},
  title = {Characteristics of multivariate distributions and the invariant coordinate
	system},
  journal = {Statistics and Probability Letters},
  year = {2010},
  volume = {80(23-24)},
  pages = {1844--1853}
}

@ARTICLE{i8,
  author = {Ilmonen, P. and Oja, H. and Serfling, R.},
  title = {On invariant coordinate system ({ICS}) functionals},
  journal = {International Statistical Review},
  year = {2012},
  volume = {80(1)},
  pages = {93--110}
}

@ARTICLE{leinonen2016,
  author = {Leinonen, Maarit K and Rantanen, Matti and Pitk{\"a}niemi, Janne
	and Malila, Nea},
  title = {Coverage and accuracy of myeloproliferative and myelodysplastic neoplasms
	in the Finnish Cancer Registry},
  journal = {Acta Oncologica},
  year = {2016},
  volume = {0},
  pages = {1--5},
  number = {0},
  publisher = {Taylor \& Francis}
}

@ARTICLE{S2,
  author = {Lopuha\"{a}, H. P. },
  title = {On relations between {S}-estimators and {M}-estimators of multivariate
	location and scatter},
  journal = {Annals of Statistics},
  year = {1989},
  volume = {17},
  pages = {1662--1683}
}

@BOOK{MMY,
  title = {Robust Statistics: Theory and Methods},
  publisher = {John Wiley \& Sons},
  year = {2006},
  author = {Maronna, R. A. and Mardin, R. D. and Yohai, V. J.},
  address = {Chichester},
  language = {english}
}

@ARTICLE{Miettinen2012,
  author = {Miettinen, Jari and Nordhausen, Klaus and Oja, Hannu and Taskinen,
	Sara},
  title = {Statistical properties of a blind source separation estimator for
	stationary time series},
  journal = {Statistics and Probability Letters},
  year = {2012},
  volume = {82},
  pages = {1865--1873},
  file = {:Alho1996.pdf:PDF},
  owner = {lietzen1},
  timestamp = {2014.07.18}
}

@ARTICLE{Nordhausen:2008,
  author = {K. Nordhausen and H. Oja and E. Ollila},
  title = {Robust independent component analysis based on two scatter matrices},
  journal = {Austrian Journal of Statistics},
  year = {2008},
  volume = {37},
  pages = {91--100}
}

@ARTICLE{Oja:2006,
  author = {Hannu Oja and Seija Sirki{\"a} and Jan Eriksson},
  title = {Scatter matrices and independent component analysis},
  journal = {Austrian Journal of Statistics},
  year = {2006},
  volume = {35},
  pages = {175--189}
}

@ARTICLE{parkin2011,
  author = {Parkin, D Maxwell and Boyd, L and Walker, LC},
  title = {16. The fraction of cancer attributable to lifestyle and environmental
	factors in the UK in 2010},
  journal = {British journal of cancer},
  year = {2011},
  volume = {105},
  pages = {S77--S81},
  publisher = {Nature Publishing Group}
}

@ARTICLE{JP3,
  author = {Sepp{\"a}, K and Pitk{\"a}niemi, J and Malila, N and Hakama, M},
  title = {Age-related incidence of cervical cancer supports two aetiological
	components: a population-based register study},
  journal = {BJOG: An International Journal of Obstetrics \& Gynaecology},
  year = {2016},
  volume = {123},
  pages = {772--778},
  number = {5}
}

@ARTICLE{Serfling2010,
  author = {Serfling, Robert J.},
  title = {Equivariance and invariance properties of multivariate quantile and
	related functions, and the role of standardisation},
  journal = {Journal of Nonparametric Statistics},
  year = {2010},
  volume = {22},
  pages = {915--936}
}

@ARTICLE{teppo1994,
  author = {Teppo, Lyly and Pukkala, Eero and Lehtonen, Maria},
  title = {Data quality and quality control of a population-based cancer registry:
	experience in Finland},
  journal = {Acta oncologica},
  year = {1994},
  volume = {33},
  pages = {365--369},
  number = {4},
  publisher = {Taylor \& Francis}
}

@ARTICLE{Tong1990,
  author = {Tong, L. and Soon, V.C. and Huang, Y.F. and Liu, R.},
  title = {{AMUSE}: a new blind identifica- tion algorithm},
  journal = {Proceedings of IEEE International Symposium on Circuits and Systems},
  year = {1990},
  pages = {1784--1787}
}

@ARTICLE{TY,
  author = {Tyler, D. E. and Chritchley, F. and D\"umbgen, L. and Oja, H.},
  title = {Invariant coordinate selection},
  journal = {Journal of Royal Statistical Society Series B},
  year = {2009},
  volume = {71},
  pages = {549--592}
}

@comment{jabref-meta: selector_keywords:}

@comment{jabref-meta: selector_journal:}

@comment{jabref-meta: selector_publisher:}

@comment{jabref-meta: selector_author:}

@comment{jabref-meta: selector_review:}

